@book{paar2010,
  author = 	 {Christof Paar and Jan Pelzl},
  title = 	 {Understanding Cryptography},
  publisher = 	 {Springer},
  year = 	 {2010}
}