@Booklet{hk,
  author = 	 {Fisher Roger und Willian Ury},
  title = 	 {Das Harvard-Konzept},
  year = 	 {1984}
}
@Booklet{nk,
  author = 	 {Norbert KÃ¶hler},
  title = 	 {HIER KOMMT DAS BILDNAME},
  year = 	 {2015}
}